<?xml version="1.0" encoding="UTF-8"?><collection xmlns="http://www.loc.gov/MARC21/slim"><record><leader>00586nam--2200193-i-4500</leader><controlfield tag="001">000045864</controlfield><controlfield tag="002">20161230</controlfield><controlfield tag="005">20161230201045</controlfield><controlfield tag="008">060222s1000------------r-----000-0-fre-d</controlfield><datafield ind1=" " ind2=" " tag="040"><subfield code="a">IFIN-HH</subfield></datafield><datafield ind1=" " ind2=" " tag="041"><subfield code="a">fre</subfield></datafield><datafield ind1=" " ind2=" " tag="080"><subfield code="a">537.311.33:621.315.59</subfield></datafield><datafield ind1="1" ind2=" " tag="100"><subfield code="a">Vapaille,A</subfield></datafield><datafield ind1="1" ind2="0" tag="245"><subfield code="a">Physique des dispositifs a semiconductors</subfield><subfield code="b">Tom i. electronique du silicium homogene. preface de g. dumas</subfield><subfield code="c">A. vapaille</subfield></datafield><datafield ind1=" " ind2=" " tag="260"><subfield code="a">Paris</subfield><subfield code="b">Masson Et C-ie, Editeurs</subfield><subfield code="c">1970</subfield></datafield><datafield ind1=" " ind2=" " tag="300"><subfield code="a">X+339 P</subfield></datafield><datafield ind1=" " ind2=" " tag="490"><subfield code="a">Monographies D`Electronique</subfield></datafield><datafield ind1=" " ind2=" " tag="852"><subfield code="a">34061</subfield><subfield code="c">537.311.33</subfield></datafield><datafield ind1=" " ind2=" " tag="CAT"><subfield code="a">Sys</subfield><subfield code="c">20110721</subfield><subfield code="h">120722</subfield></datafield></record></collection>